@Book{book:Knuth:TheTeXbook,
	author =	{Knuth, Donald E.},
	title =		{The TeXbook},
	publisher =	{Addison-Wesley Professional},
	year =	1984,
	edition =	1,
	pages =	496,
	language =	"english"
}

@Book{book:Stolyarov:latexDiplom,
	author =	{Столяров, Андрей Викторович},
	title =		{Сверстой диплом красиво: LaTeX за 3 дня},
	publisher =	{МАКС Пресс},
	year =	2010,
	pages =	100,
	language =	"russian"
}

@Misc{habr:latex:tempDisser,
	author = 	{Акиньшин, Андрeй},
	title = 	{Шаблон диссертации в LaTeX},
	url = 		{https://habrahabr.ru/post/157153/},
	year =	2012,
	language =	"russian"
}

@Misc{habr:latex:bacDiplom,
	author = 	{Полозов, Aлександр},
	title = 	{Диплом бакалавра в LaTeX, или ДСТУ 3008-95 в 150 строк},
	url = 		{https://habrahabr.ru/post/144648/},
	year =	2012,
	language =	"russian"
}

@manual{manual:latex:Sjutkin,
	author = 	{Сюткин, Владимир},
	title =		{Справочник по командам LaTeX2e},
	pages =	49,
	year =	2002,
	language =	"ukrainian"
}


